<?xml version="1.0" encoding="UTF-8"?><record xmlns="http://www.loc.gov/MARC21/slim" xmlns:cinclude="http://apache.org/cocoon/include/1.0" xmlns:zs="http://www.loc.gov/zing/srw/">
  <leader>00986cz  a2200217n  4500</leader>
  <controlfield tag="001">n  81022455 </controlfield>
  <controlfield tag="003">DLC</controlfield>
  <controlfield tag="005">19990624051732.5</controlfield>
  <controlfield tag="008">810318n| acannaabn          |a aaa |||  </controlfield>
  <datafield tag="010" ind1=" " ind2=" ">
    <subfield code="a">n  81022455 </subfield>
  </datafield>
  <datafield tag="035" ind1=" " ind2=" ">
    <subfield code="a">(OCoLC)oca00568250 </subfield>
  </datafield>
  <datafield tag="040" ind1=" " ind2=" ">
    <subfield code="a">DLC</subfield>
    <subfield code="c">DLC</subfield>
    <subfield code="d">PPi-MA</subfield>
  </datafield>
  <datafield tag="100" ind1="1" ind2="0">
    <subfield code="a">Cilèa, Francesco,</subfield>
    <subfield code="d">1866-1950.</subfield>
    <subfield code="t">Adriana Lecouvreur.</subfield>
    <subfield code="p">Dolcissima effigie</subfield>
  </datafield>
  <datafield tag="400" ind1="1" ind2="0">
    <subfield code="a">Cilèa, Francesco,</subfield>
    <subfield code="d">1866-1950.</subfield>
    <subfield code="t">Dolcissima effigie</subfield>
  </datafield>
  <datafield tag="400" ind1="1" ind2="0">
    <subfield code="a">Cilèa, Francesco,</subfield>
    <subfield code="d">1866-1950.</subfield>
    <subfield code="t">Perchè? Sincero amor</subfield>
  </datafield>
  <datafield tag="400" ind1="1" ind2="0">
    <subfield code="a">Cilèa, Francesco,</subfield>
    <subfield code="d">1866-1950.</subfield>
    <subfield code="t">Dolcissima effigie sorridente</subfield>
  </datafield>
  <datafield tag="400" ind1="1" ind2="0">
    <subfield code="a">Cilèa, Francesco,</subfield>
    <subfield code="d">1866-1950.</subfield>
    <subfield code="t">Sincero amor</subfield>
  </datafield>
  <datafield tag="400" ind1="1" ind2="0">
    <subfield code="a">Cilèa, Francesco,</subfield>
    <subfield code="d">1866-1950.</subfield>
    <subfield code="t">Lover's meeting</subfield>
  </datafield>
  <datafield tag="670" ind1=" " ind2=" ">
    <subfield code="a">Corelli, F. Opera arias [SR] 198-:</subfield>
    <subfield code="b">insert (Adriana Lecouvreur. Perchè? Sincero amor-- La dolcissima effigie)</subfield>
  </datafield>
  <datafield tag="670" ind1=" " ind2=" ">
    <subfield code="a">New Grove dict. of opera:</subfield>
    <subfield code="b">v. 1, p. 26 (Adriana Lecouvreur. La dolcissima effigie sorridente)</subfield>
  </datafield>
  <datafield tag="670" ind1=" " ind2=" ">
    <subfield code="a">WERM</subfield>
    <subfield code="b">(Adriana Lecouvreur. La dolcissima effigie)</subfield>
  </datafield>
</record>